@misc{xiaoyue2024strategiesoptimizingdoublebracketquantum,
      title={Strategies for optimizing double-bracket quantum algorithms}, 
      author={Li Xiaoyue and Matteo Robbiati and Andrea Pasquale and Edoardo Pedicillo and Andrew Wright and Stefano Carrazza and Marek Gluza},
      year={2024},
      eprint={2408.07431},
      archivePrefix={arXiv},
      primaryClass={quant-ph},
      url={https://arxiv.org/abs/2408.07431}, 
}
@misc{pedicillo2024opensourceframeworkquantumhardware,
      title={An open-source framework for quantum hardware control}, 
      author={Edoardo Pedicillo and Alessandro Candido and Stavros Efthymiou and Hayk Sargsyan and Yuanzheng Paul Tan and Juan Cereijo and Jun Yong Khoo and Andrea Pasquale and Matteo Robbiati and Stefano Carrazza},
      year={2024},
      eprint={2407.21737},
      archivePrefix={arXiv},
      primaryClass={quant-ph},
      url={https://arxiv.org/abs/2407.21737}, 
}

@misc{pasquale2024statevectorsimulationqibo,
      title={Beyond full statevector simulation with Qibo}, 
      author={Andrea Pasquale and Andrea Papaluca and Renato M. S. Farias and Matteo Robbiati and Edoardo Pedicillo and Stefano Carrazza},
      year={2024},
      eprint={2408.00384},
      archivePrefix={arXiv},
      primaryClass={quant-ph},
      url={https://arxiv.org/abs/2408.00384}, 
}
@misc{pedicillo2023benchmarkingmachinelearningmodels,
      title={Benchmarking machine learning models for quantum state classification}, 
      author={Edoardo Pedicillo and Andrea Pasquale and Stefano Carrazza},
      year={2023},
      eprint={2309.07679},
      archivePrefix={arXiv},
      primaryClass={quant-ph},
      url={https://arxiv.org/abs/2309.07679}, 
}

