@article{Efthymiou_2024,
   title={Qibolab: an open-source hybrid quantum operating system},
   volume={8},
   ISSN={2521-327X},
   url={http://dx.doi.org/10.22331/q-2024-02-12-1247},
   DOI={10.22331/q-2024-02-12-1247},
   journal={Quantum},
   publisher={Verein zur Forderung des Open Access Publizierens in den Quantenwissenschaften},
   author={Efthymiou, Stavros and Orgaz-Fuertes, Alvaro and Carobene, Rodolfo and Cereijo, Juan and Pasquale, Andrea and Ramos-Calderer, Sergi and Bordoni, Simone and Fuentes-Ruiz, David and Candido, Alessandro and Pedicillo, Edoardo and Robbiati, Matteo and Tan, Yuanzheng Paul and Wilkens, Jadwiga and Roth, Ingo and Latorre, Jos√© Ignacio and Carrazza, Stefano},
   year={2024},
   month=feb, pages={1247} }

