@misc{pasquale2024qibocalopensourceframeworkcalibration,
      title={Qibocal: an open-source framework for calibration of self-hosted quantum devices}, 
      author={Andrea Pasquale and Edoardo Pedicillo and Juan Cereijo and Sergi Ramos-Calderer and Alessandro Candido and Gabriele Palazzo and Rodolfo Carobene and Marco Gobbo and Stavros Efthymiou and Yuanzheng Paul Tan and Ingo Roth and Matteo Robbiati and Jadwiga Wilkens and Alvaro Orgaz-Fuertes and David Fuentes-Ruiz and Andrea Giachero and Frederico Brito and José Ignacio Latorre and Stefano Carrazza},
      year={2024},
      eprint={2410.00101},
      archivePrefix={arXiv},
      primaryClass={quant-ph},
      url={https://arxiv.org/abs/2410.00101}, 
	  note={Under review.}
}

@misc{robbiati2024doublebracketquantumalgorithmshighfidelity,
      title={Double-bracket quantum algorithms for high-fidelity ground state preparation}, 
      author={Matteo Robbiati and Edoardo Pedicillo and Andrea Pasquale and Xiaoyue Li and Andrew Wright and Renato M. S. Farias and Khanh Uyen Giang and Jeongrak Son and Johannes Knörzer and Siong Thye Goh and Jun Yong Khoo and Nelly H. Y. Ng and Zoë Holmes and Stefano Carrazza and Marek Gluza},
      year={2024},
      eprint={2408.03987},
      archivePrefix={arXiv},
      primaryClass={quant-ph},
      url={https://arxiv.org/abs/2408.03987}, 
	  note={Under review.}
}
